@article{kCoreDef,
  title={Network structure and minimum degree},
  author={Seidman, Stephen B},
  journal={Social networks},
  volume={5},
  number={3},
  pages={269--287},
  year={1983},
  publisher={Elsevier}
}

@article{kCoreCen1,
  title={An O(m) algorithm for cores decomposition of networks},
  author={Batagelj, Vladimir and Zaversnik, Matjaz},
  journal={arXiv preprint cs/0310049},
  year={2003}
}

@article{kCoreCen2,
  title={Fast algorithms for determining (generalized) core groups in social networks},
  author={Batagelj, Vladimir and Zaver{\v{s}}nik, Matja{\v{z}}},
  journal={Advances in Data Analysis and Classification},
  volume={5},
  number={2},
  pages={129--145},
  year={2011},
  publisher={Springer}
}

@article{kCoreDis,
  title={Distributed k-core decomposition},
  author={Montresor, Alberto and De Pellegrini, Francesco and Miorandi, Daniele},
  journal={Parallel and Distributed Systems, IEEE Transactions on},
  volume={24},
  number={2},
  pages={288--300},
  year={2013},
  publisher={IEEE}
}


@article{louvainDoc,
  title={Fast unfolding of communities in large networks},
  author={Blondel, Vincent D and Guillaume, Jean-Loup and Lambiotte, Renaud and Lefebvre, Etienne},
  journal={Journal of Statistical Mechanics: Theory and Experiment},
  volume={2008},
  number={10},
  pages={P10008},
  year={2008},
  publisher={IOP Publishing}
}